
@ARTICLE{Lichman:2013 ,
author = "M. Lichman",
year = "2013",
title = "{UCI} Machine Learning Repository",
howpublished = {\url{https://archive.ics.uci.edu/ml/datasets/adult}},
institution = "University of California, Irvine, School of Information and Computer Sciences" } 
